<?xml version="1.0" encoding="UTF-8"?>
<collection xmlns:xsi="http://www.w3.org/2001/XMLSchema-instance" xsi:schemaLocation="http://www.loc.gov/MARC21/slim http://www.loc.gov/standards/marcxml/schema/MARC21slim.xsd" xmlns="http://www.loc.gov/MARC21/slim">
<record>
  <leader>01341cam a2200277 a 4500</leader>
  <controlfield tag="001">3058885</controlfield>
  <controlfield tag="003">NNC</controlfield>
  <controlfield tag="005">20130426014647.0</controlfield>
  <controlfield tag="008">890925s1962    iq       b    000 0cara d</controlfield>
  <datafield tag="035" ind1=" " ind2=" ">
    <subfield code="a">(OCoLC)264840326</subfield>
  </datafield>
  <datafield tag="035" ind1=" " ind2=" ">
    <subfield code="a">(OCoLC)ocn264840326</subfield>
  </datafield>
  <datafield tag="035" ind1=" " ind2=" ">
    <subfield code="9">ATM7492CU</subfield>
  </datafield>
  <datafield tag="035" ind1=" " ind2=" ">
    <subfield code="a">(NNC)3058885</subfield>
  </datafield>
  <datafield tag="040" ind1=" " ind2=" ">
    <subfield code="a">UaCaAUL</subfield>
    <subfield code="c">UaCaAUL</subfield>
    <subfield code="d">StEdU</subfield>
  </datafield>
  <datafield tag="066" ind1=" " ind2=" ">
    <subfield code="c">(3</subfield>
  </datafield>
  <datafield tag="100" ind1="1" ind2=" ">
    <subfield code="6">880-01</subfield>
    <subfield code="a">Ibn Maʻṣūm, ʻAlī ibn Aḥmad,</subfield>
    <subfield code="d">1642-approximately 1707.</subfield>
  </datafield>
  <datafield tag="245" ind1="1" ind2="3">
    <subfield code="6">880-02</subfield>
    <subfield code="a">al-Darajāt al-rafīʻah fī ṭabaqāt al-Shīʻah /</subfield>
    <subfield code="c">taʾlīf Ṣadr al-Dīn al-Sayyid ʻAlī Khān al-Madanī al-Shīrāzī al-Ḥusaynī ; qaddama lahu Muḥammad Ṣādiq Baḥr al-ʻUlūm.</subfield>
  </datafield>
  <datafield tag="260" ind1=" " ind2=" ">
    <subfield code="6">880-03</subfield>
    <subfield code="a">al-Najaf :</subfield>
    <subfield code="b">Manshūrāt al-Maktabah al-Ḥaydarīyah,</subfield>
    <subfield code="c">1382 [1962]</subfield>
  </datafield>
  <datafield tag="300" ind1=" " ind2=" ">
    <subfield code="a">16, 596 p. ;</subfield>
    <subfield code="c">26 cm.</subfield>
  </datafield>
  <datafield tag="650" ind1=" " ind2="0">
    <subfield code="a">Shiites</subfield>
    <subfield code="v">Biography.</subfield>
  </datafield>
  <datafield tag="740" ind1="0" ind2=" ">
    <subfield code="a">Darajat rafiah fi tabagat al-Shiah.</subfield>
  </datafield>
  <datafield tag="880" ind1="1" ind2=" ">
    <subfield code="6">100-01/(3/r</subfield>
    <subfield code="a">ابن معصوم، علي بن أحمد.</subfield>
  </datafield>
  <datafield tag="880" ind1="1" ind2="2">
    <subfield code="6">245-02/(3/r</subfield>
    <subfield code="a">الدرجات الرفيعة في طبقات الشيعة /</subfield>
    <subfield code="c">تأليف صدر الدين السيد علي خان المدني الشيرازي الحسيني ؛ قدم له محمد صادق بحر العلوم.</subfield>
  </datafield>
  <datafield tag="880" ind1=" " ind2=" ">
    <subfield code="6">260-03/(3/r</subfield>
    <subfield code="a">النجف :</subfield>
    <subfield code="b">منشورات المكتبة الحيدرية،</subfield>
    <subfield code="c">١٣٨٢.</subfield>
  </datafield>
  <datafield tag="955" ind1=" " ind2=" ">
    <subfield code="b">CU58836489</subfield>
    <subfield code="d">off,glx</subfield>
    <subfield code="e">893.796 Al414</subfield>
  </datafield>
</record>
</collection>